2886 4043
635 159 2629 422 nec minus gaudio, factum meo consilio, ut accimeda¬
652 362 2644 558 iam & paraturo ad scribendum, hac in parte calrar
652 481 2616 692 adhibucum, et in mea cham grarii minus si laboque
672 613 2624 821 pistrimi istud frigiret, studio vero Paulum in Ca¬
675 779 2604 935 roli Impatoris hostem factum, totum se ballo dedi¬
662 875 2602 1071 disse: Quae si acra sunt, quae facile foret, Carolum
670 1017 2619 1230 ad illos conuerti, toto impitu, qui serre lapam
680 1128 2614 1352 amplius nolunt: & olfario, ia nunc eam occasio
677 1260 2639 1486 ne obseruari quibusdam Chriams ingratibus, ut
712 1396 2614 1600 quoma spis sit maioris dissidij hoc inde pro¬
707 1508 2619 1768 pensior Euangelio futurus sit impator quo
742 1654 2641 1905 magis delusum coremptumque ab illosentiet, co
751 1823 2641 2034 diguitate antea tam iniugiosi est tutatus. Soo
739 1954 2639 2227 in certa sunt Principi consilia: quibus haud als
749 2088 2649 2339 ad magis pror, quam ut per viii gram, uel te doen
749 2244 2619 2480 re, de mio artes anti christi sint, ligdo cogniti
729 2378 2639 2664 ri: et quod hartenus de scripturis d'ephensu
759 2512 2619 2765 no est, salrem historia recentione peunte per¬
734 2659 2614 2894 discant. Wale & metuu isse smito. Sa
734 2785 2482 3001 galli XVIII du Aprilis Anno XXXVI
1238 2924 2133 3107 Joach. Vadianus.
464 3043 1349 3288 mo uero D. Henryche
575 3212 1324 3408 dero, Sancti Erichte
692 3358 1327 3559 Epo. dom. siu
816 3452 1193 3628 colendo
