3188 4946
375 473 2397 712 Präsid. Verfügungen v. 4. Januar 1897.
1336 875 2175 1002 Anträge v. 30. vor. Mts.
375 832 974 1021 Politisches.
397 973 2910 1137 11. Johann Martin Ankele von Gomaringen, Württemberg, in Bürgerrechtsbewilli¬
1647 1084 2129 1234 Schaffhausen;
404 1141 2292 1313 2. Johann Bär aus Frankreich, in Bremgarten, Aargau;
397 1275 2028 1419 3. Josef Chartes Basels aus Frankreich, in Genf;
390 1401 2378 1535 /4. Francesco Domenico Gagllardt von Glüffa, Ital, in Verner,
2162 1482 2353 1566 Genf;
404 1490 2190 1619 5. Johann Friedrich Seitz von Warth, Württ. in Zürich,
388 1588 2389 1725 16. Jacques Nebbia von Castello d Annone, Italien, in Versois;
2268 1686 2360 1744 u.
389 1707 2381 1865 /7. François Joseph Rambosson aus Frankreich, in Carouge,
627 1830 2428 1942 erhalten die Bewilligŭng zŭm Erwerb eines schweizer.
398 1909 1665 2046 Kantons- und Gemeindebürgerrechts.
628 2024 1309 2158 An die Petenten.
613 2116 1626 2259 Ad 1) An Schaffhausen z. R.
639 2244 2080 2372 Prot. Auszug aus polit. Departement z. K.
1408 2545 2296 2673 R. Antrag v. 29. vor. Mts.
376 2494 951 2643 Politisches.
629 2592 2918 2770 Das Sekretariat der „Dicta de la Republica Mayor de Aufhebung der Kost
395 2733 2896 2899 entro America teilt mit, daβ diese Behörde infolge der Ver-ssulate v. Konduras
398 2873 2796 2994 seinigung der drei zentralamerikanischen Republiken Honduras, Salvador.
389 2949 2340 3062 NVicaragua und Salvador beschlossen habe, die den bei der Schweiz
389 3062 2390 3201 sakkreditierten Konsuln dieser Staaten erteilten Brevets zurück¬
394 3200 2404 3294 zzuziehen. Es werden deshalb die Herren Edgard Lebert, bisher Konf
400 3280 2413 3403 shul von Honduras und Nicaragua in Basel, Benjamin Haas, bis
383 3356 2349 3502 scher Konsul, und Nathan Haas, bisher Vizekonsul von Salvador
385 3458 2335 3620 in Genf, aus der Liste der ausländischen Konsuln in der
402 3587 1043 3722 Schweiz gestrichen.
625 3674 1656 3817 An Baselstadt und Genf z. R.
601 3810 2449 3916 An die Dieta der Republica Mayor in Pan Palvador z. R.
617 3885 1233 4033 Ins Bundesblatt.
636 3987 2130 4146 Prot. Auszug aus polit. Departement z. K.
367 4250 980 4402 Politisches
1373 4287 2171 4444 Antrag v. 30. vor. Mts.
617 4352 2279 4525 Christian Doese von Amelgatzen, Preußen, in
379 4542 2349 4654 (Locle, dem ŭnterm 4. Oktober 1895 die Bewilligŭng zŭr Ein¬
2407 1061 2713 1187 gungen.
2379 2801 2837 2913 NVicaragua und
2607 2963 2725 3086 2
2372 4328 2904 4521 h. Doese, Aufhebung
2387 4489 2879 4586 der Bürgerrechtsbe¬
2404 4546 2758 4667 willigung.
2624 4640 2736 4745 3
