1400 1980
92 178 1145 222 Why Writing On A Typewriter Feels So Strangely Modern
92 214 1106 262 Years of voice dictation trained me to think before I write
92 245 247 282 I write
89 310 942 361 So, I wrote this blog post on a typewriter.
89 354 179 404 Why?
89 404 1145 452 Well, it's a bit of a story. But it winds itself back
92 457 1154 503 towards our modern compositional practices in our age
90 511 404 547 of smartphones.
90 557 595 598 Let me unpack that a bit.
90 702 1173 742 Back when I was in college -- in the late 80s and early
92 754 1193 795 90s -- I did not, at first, own a computer. When I wrote
94 796 1155 846 essays, I'd do the entire thing by hand, then sit down
92 848 1188 894 and -- in a very long all-nighter -- type the thing out.
94 899 1094 933 I was still living at home for the first year of my
94 943 1205 986 degree, and my family possessed an old manual typewriter;
97 990 1170 1027 this being Canada, it had a specific key for typing the
94 1037 1163 1084 British pound. It was a thoroughly dreadful experience,
94 1084 1203 1131 and I couldn't wait to own my own damn computer, like the
94 1136 1064 1179 ones I used to write stories at the campus papers.
95 1189 1107 1232 But I was strapped for cash, so I kept on using that
94 1244 1163 1282 antediluvian beast of a machine. At the end of my first
95 1291 1071 1329 year, I saved up enough money to buy a more modern
97 1339 1107 1374 electronic typewriter, which had build in correction
99 1384 1160 1428 tape and a wee bit of memory; you could hit a button if
94 1432 1087 1473 you made a mistake and it would erase the last word
94 1478 1178 1522 all on its own (or, in models yet more elite, the entire
94 1514 700 1562 last line). It felt like magic.
97 1584 1193 1633 I never actually composed any new text on the typewriter,
100 1623 1216 1691 though. It felt too hard on my brain, holding an utterance
